@book{johnson2022bayes,
  title={Bayes rules!: An introduction to applied Bayesian modeling},
  author={Johnson, Alicia A and Ott, Miles Q and Dogucu, Mine},
  year={2022},
  publisher={Chapman and Hall/CRC}
}

@book{mcelreath2018statistical,
  title={Statistical rethinking: A Bayesian course with examples in R and Stan},
  author={McElreath, Richard},
  year={2018},
  publisher={Chapman and Hall/CRC}
}